@BOOK{DeGroot:2014,
author={Morris H. DeGroot and Mark J. Schervish},
title={Probability and Statistics},
publisher={Pearson Education Limited},
edition={4ª},
year={2014},
}

@book{Zheng:2020,
    author={Songfeng Zheng},
    title={Fisher Information and Cramér-Rao Bound},
    year={2020},
    publisher={Missouri State University}
}
